@article{Edmonds1965, title={Paths, Trees, and Flowers}, volume={17}, DOI={10.4153/CJM-1965-045-4}, journal={Canadian Journal of Mathematics}, author={Edmonds, Jack}, year={1965}, pages={449â€“467}}
@article{Edmonds1965MA,
  title={Maximum matching and a polyhedron with 0,1-vertices},
  author={Jack Edmonds},
  journal={Journal of Research of the National Bureau of Standards Section B Mathematics and Mathematical Physics},
  year={1965},
  pages={125},
  url={https://api.semanticscholar.org/CorpusID:15379135}
}
@article{
Berge1957,
author = {Claude Berge },
title = {TWO THEOREMS IN GRAPH THEORY},
journal = {Proceedings of the National Academy of Sciences},
volume = {43},
number = {9},
pages = {842-844},
year = {1957},
doi = {10.1073/pnas.43.9.842},
URL = {https://www.pnas.org/doi/abs/10.1073/pnas.43.9.842},
eprint = {https://www.pnas.org/doi/pdf/10.1073/pnas.43.9.842}}
@inproceedings{Bunke2000,
  title={Graph matching: Theoretical foundations, algorithms, and applications},
  author={Bunke, Horst},
  booktitle={Proc. Vision Interface},
  volume={2000},
  pages={82--88},
  year={2000}
}
@article{CoqGraph,
  TITLE = {{Graph Theory in Coq: Minors, Treewidth, and Isomorphisms}},
  AUTHOR = {Doczkal, Christian and Pous, Damien},
  URL = {https://hal.science/hal-02316859},
  JOURNAL = {{Journal of Automated Reasoning}},
  PUBLISHER = {{Springer Verlag}},
  YEAR = {2020},
  DOI = {10.1007/s10817-020-09543-2},
  KEYWORDS = {graph theory ; minor ; treewidth ; isomorphisms ; Coq ; Ssreflect},
  PDF = {https://hal.science/hal-02316859v2/file/graphscoq.pdf},
  HAL_ID = {hal-02316859},
  HAL_VERSION = {v2},
}


